@book{hibernateInAction,
 author= {Christian Bauer and Gavin King},
 title = {Hibernate in Action},
 volume = {1},
 year = {2005},
 isbn = {1932394-15-X},
 numpages = {431},
 publisher = {Manning Publications Co.}
}
@book{expertCSharpObjects,
	title = {Expert C\# 2008 Business Objects},
	author = {Rockford Lhotka},
	volume = {1},
	year = {2009},
	isbn = {978-1-4302-1019-1},
	numpages = {802},
	publisher = {Apress}
}
@book{qtFoundations,
	title = {Foundations of Qt Development},
	author = {Johan Thelin},
	volume = {1},
	year = {2007},
	isbn = {978-1-59059-831-3},
	numpages = {534},
	publisher = {Apress}
}